@Article{ JonkerTreur2002,
	author = "Catholijn M. Jonker, Jan Treur",
	title = "Compositional Verification of Multi-Agent Systems:
a Formal Analysis of Pro-activeness and Reactiveness",
	journal = "International Journal of Cooperative Information Systems", 
	year = "2002",
	month = "March 2002",
}

@Article{ Lerman2008,
	author = "K. Lerman",
	title = "Social Information Processing in Social News Aggregation",
	year = "2008",
	month = "1th February 2008",
}

@Unpublished{ ArandaPalanca2012,
	author = "G. Aranda, J. Palanca",
	title = "SPADE User's Manual",
	note = "Available at \url{https://pythonhosted.org/SPADE}",
	year = "2012",
}

@Unpublished{ Schatten2016,
	author = "M. Schatten",
	title = "Materijali s predavanja",
	note = "Available at \url{https://elf.foi.hr/course/view.php?id=292}",
	year = "2016",
}